<record xmlns="http://www.loc.gov/MARC21/slim" xmlns:xsi="http://www.w3.org/2001/XMLSchema-instance" xsi:schemaLocation="http://www.loc.gov/MARC21/slim http://www.loc.gov/standards/marcxml/schema/MARC21slim.xsd"><leader>00948cz   2200169n  4500</leader><controlfield tag="001">oca04312815 </controlfield><controlfield tag="005">19970407110657.4</controlfield><controlfield tag="008">970407n| acannaab|          |a aaa |||  </controlfield><datafield ind1=" " ind2=" " tag="010"><subfield code="a">n  97036148 </subfield></datafield><datafield ind1=" " ind2=" " tag="040"><subfield code="a">DLC</subfield><subfield code="c">DLC</subfield><subfield code="d">DLC</subfield></datafield><datafield ind1="0" ind2=" " tag="100"><subfield code="a">Epicharmus,</subfield><subfield code="d">5th cent. B.C.</subfield></datafield><datafield ind1="0" ind2=" " tag="400"><subfield code="a">Epikharmos,</subfield><subfield code="d">5th cent. B.C.</subfield></datafield><datafield ind1="0" ind2=" " tag="400"><subfield code="a">Epicarmo,</subfield><subfield code="c">de Siracusa,</subfield><subfield code="d">5th cent. B.C.</subfield></datafield><datafield ind1="0" ind2=" " tag="400"><subfield code="a">Epicharme,</subfield><subfield code="d">5th cent. B.C.</subfield></datafield><datafield ind1=" " ind2=" " tag="670"><subfield code="a">Epicarmo de Siracusa, 1996:</subfield><subfield code="b">t.p. ; p. ix (writer of comedy in Syracuse; was related to the tyrant HieÌ&#x81;ron)</subfield></datafield><datafield ind1=" " ind2=" " tag="670"><subfield code="a">Oxford classical dictionary, 1949, p. 323</subfield><subfield code="b">(Epicharmus (5th c. B.C.), Sicilian writer of comedy, b. at Syracuse. Contemporary of Hieron, king of Syracuse. Lived to the age of 90 and may be dated roughly 530-440 B.C.)</subfield></datafield><datafield ind1=" " ind2=" " tag="670"><subfield code="a">Grand dictionnaire encyclopeÌ&#x81;dique Larousse, 1982, v. 4</subfield><subfield code="b">(Epicharme, in Greek Epikharmos, Greek comic poet; ca. 525-450 B.C.; Syracuse; proteÌ&#x81;geÌ&#x81; of the Sicilian tyrants GeÌ&#x81;lon and HieÌ&#x81;ron)</subfield></datafield></record>